<record><leader>00000cas a2200000 a 4500</leader><controlfield tag="001">5122660</controlfield><controlfield tag="008">790629u197uuuuuctuwr ne      0   a0eng c</controlfield><datafield ind1=" " ind2=" " tag="010"><subfield code="a">sn 79007105 </subfield></datafield><datafield ind1=" " ind2=" " tag="040"><subfield code="a">NSD</subfield><subfield code="b">eng</subfield><subfield code="c">NSD</subfield><subfield code="d">DLC</subfield><subfield code="d">CNW</subfield><subfield code="d">OCLCQ</subfield><subfield code="d">CZL</subfield><subfield code="d">OCLCF</subfield><subfield code="d">OCLCO</subfield></datafield><datafield ind1=" " ind2=" " tag="012"><subfield code="j">0</subfield><subfield code="k">1</subfield><subfield code="l">1</subfield><subfield code="m">1</subfield></datafield><datafield ind1=" " ind2=" " tag="019"><subfield code="a">27033774</subfield></datafield><datafield ind1="1" ind2=" " tag="022"><subfield code="a">0193-1474</subfield><subfield code="l">0193-1474</subfield><subfield code="2">1</subfield></datafield><datafield ind1="1" ind2=" " tag="029"><subfield code="a">AU@</subfield><subfield code="b">000025817520</subfield></datafield><datafield ind1=" " ind2=" " tag="032"><subfield code="a">545890</subfield><subfield code="b">USPS</subfield></datafield><datafield ind1=" " ind2=" " tag="042"><subfield code="a">nsdp</subfield><subfield code="a">pcc</subfield></datafield><datafield ind1=" " ind2=" " tag="043"><subfield code="a">n-us-ct</subfield></datafield><datafield ind1="0" ind2=" " tag="130"><subfield code="a">Voices (Southbury, Conn.)</subfield></datafield><datafield ind1=" " ind2="0" tag="222"><subfield code="a">Voices</subfield><subfield code="b">(Southbury, Conn.)</subfield></datafield><datafield ind1="1" ind2="0" tag="245"><subfield code="a">Voices.</subfield></datafield><datafield ind1="1" ind2=" " tag="246"><subfield code="i">Saturday issues for Oct. 17, 1992- have title:</subfield><subfield code="a">Voices Sunday, the weekly star</subfield></datafield><datafield ind1="1" ind2=" " tag="246"><subfield code="i">Weekend issues for &lt;Jan.5/6, 2013&gt;- have title:</subfield><subfield code="a">Voices weekender, Saturday and Sunday</subfield></datafield><datafield ind1=" " ind2=" " tag="260"><subfield code="a">Southbury, Conn. :</subfield><subfield code="b">Prime Publishers</subfield></datafield><datafield ind1=" " ind2=" " tag="310"><subfield code="a">Semiweekly,</subfield><subfield code="b">Oct. 17, 1992-</subfield></datafield><datafield ind1=" " ind2=" " tag="321"><subfield code="a">Weekly,</subfield><subfield code="b">&lt;1976&gt;-Oct. 14, 1992</subfield></datafield><datafield ind1=" " ind2=" " tag="588"><subfield code="a">Description based on: Vol. 6, no. 30 (Sept. 22, 1976).</subfield></datafield><datafield ind1=" " ind2="0" tag="651"><subfield code="a">Southbury (Conn.)</subfield><subfield code="v">Newspapers.</subfield></datafield><datafield ind1=" " ind2="0" tag="651"><subfield code="a">Woodbury (Conn.)</subfield><subfield code="v">Newspapers.</subfield></datafield><datafield ind1=" " ind2="0" tag="651"><subfield code="a">Bethlehem (Conn.)</subfield><subfield code="v">Newspapers.</subfield></datafield><datafield ind1=" " ind2="0" tag="651"><subfield code="a">Middlebury (Conn.)</subfield><subfield code="v">Newspapers.</subfield></datafield><datafield ind1=" " ind2="0" tag="651"><subfield code="a">Oxford (Conn. : Town)</subfield><subfield code="v">Newspapers.</subfield></datafield><datafield ind1=" " ind2="0" tag="651"><subfield code="a">Roxbury (Conn. : Town)</subfield><subfield code="v">Newspapers.</subfield></datafield><datafield ind1=" " ind2="7" tag="655"><subfield code="a">Newspapers.</subfield><subfield code="2">fast</subfield><subfield code="0">(OCoLC)fst01423814</subfield></datafield><datafield ind1=" " ind2="7" tag="651"><subfield code="a">Connecticut</subfield><subfield code="z">Bethlehem.</subfield><subfield code="2">fast</subfield><subfield code="0">(OCoLC)fst01237460</subfield></datafield><datafield ind1=" " ind2="7" tag="651"><subfield code="a">Connecticut</subfield><subfield code="z">Middlebury.</subfield><subfield code="2">fast</subfield><subfield code="0">(OCoLC)fst01254923</subfield></datafield><datafield ind1=" " ind2="7" tag="651"><subfield code="a">Connecticut</subfield><subfield code="z">Oxford (Town)</subfield><subfield code="2">fast</subfield><subfield code="0">(OCoLC)fst01332071</subfield></datafield><datafield ind1=" " ind2="7" tag="651"><subfield code="a">Connecticut</subfield><subfield code="z">Roxbury (Town)</subfield><subfield code="2">fast</subfield><subfield code="0">(OCoLC)fst01332413</subfield></datafield><datafield ind1=" " ind2="7" tag="651"><subfield code="a">Connecticut</subfield><subfield code="z">Southbury.</subfield><subfield code="2">fast</subfield><subfield code="0">(OCoLC)fst01261421</subfield></datafield><datafield ind1=" " ind2="7" tag="651"><subfield code="a">Connecticut</subfield><subfield code="z">Woodbury.</subfield><subfield code="2">fast</subfield><subfield code="0">(OCoLC)fst01226231</subfield></datafield><datafield ind1=" " ind2=" " tag="752"><subfield code="a">United States</subfield><subfield code="b">Connecticut</subfield><subfield code="c">New Haven</subfield><subfield code="d">Southbury.</subfield></datafield><datafield ind1="0" ind2="5" tag="780"><subfield code="t">Weekly star (Newtown, Conn.)</subfield><subfield code="g">Oct. 10, 1992</subfield><subfield code="w">(DLC)sn 92051529</subfield><subfield code="w">(OCoLC)27033876</subfield></datafield></record>